<record><leader>04787nam a2200433 i 4500</leader><controlfield tag="001">6786277</controlfield><controlfield tag="003">FlBoTFG</controlfield><controlfield tag="005">20150115163112.0</controlfield><controlfield tag="006">m|||||o||d||||||||</controlfield><controlfield tag="007">cr||||</controlfield><controlfield tag="008">150115t20152015fluacd  obf   001 0 eng d</controlfield><datafield ind1=" " ind2=" " tag="020"><subfield code="a">9781482261707 (e-book : PDF)</subfield></datafield><datafield ind1=" " ind2=" " tag="035"><subfield code="a">ocn895661508</subfield></datafield><datafield ind1=" " ind2=" " tag="039"><subfield code="a">exclude</subfield></datafield><datafield ind1=" " ind2=" " tag="040"><subfield code="a">FlBoTFG</subfield><subfield code="b">eng</subfield><subfield code="e">rda</subfield><subfield code="c">FlBoTFG</subfield><subfield code="d">AEU</subfield></datafield><datafield ind1=" " ind2="4" tag="050"><subfield code="a">TP370</subfield><subfield code="b">.F567 2015</subfield></datafield><datafield ind1=" " ind2=" " tag="090"><subfield code="a">Internet Access</subfield><subfield code="b">AEU</subfield></datafield><datafield ind1="0" ind2="0" tag="245"><subfield code="a">Food engineering handbook :</subfield><subfield code="b">food engineering fundamentals /</subfield><subfield code="c">edited by Theodoros Varzakas, Constantina Tzia.</subfield></datafield><datafield ind1=" " ind2="1" tag="264"><subfield code="a">Boca Raton :</subfield><subfield code="b">CRC Press,</subfield><subfield code="c">[2015]</subfield></datafield><datafield ind1=" " ind2="4" tag="264"><subfield code="c">&#169;2015</subfield></datafield><datafield ind1=" " ind2=" " tag="300"><subfield code="a">1 online resource.</subfield></datafield><datafield ind1=" " ind2=" " tag="336"><subfield code="a">text</subfield><subfield code="2">rdacontent</subfield></datafield><datafield ind1=" " ind2=" " tag="337"><subfield code="a">computer</subfield><subfield code="2">rdamedia</subfield></datafield><datafield ind1=" " ind2=" " tag="338"><subfield code="a">online resource</subfield><subfield code="2">rdacarrier</subfield></datafield><datafield ind1="1" ind2=" " tag="490"><subfield code="a">Contemporary food engineering</subfield></datafield><datafield ind1=" " ind2=" " tag="504"><subfield code="a">Includes bibliographical references and index.</subfield></datafield><datafield ind1="0" ind2=" " tag="505"><subfield code="a">Introduction / Theodoros Varzakas and Constantina Tzia -- Mass and energy balances / N. Zogzas -- Fundamental notes on chemical thermodynamics / Petros Tzias -- Heat transfer / Ioannis K. Kookos and Nikolaos G. Stoforos -- Steam generation : distribution / Theodoros Varzakas -- Heat exchangers / Theodoros Varzakas -- Rheology in use : a practical guide / Niall W.G. Young -- Fluid mechanics in food process engineering / Ricardo D. Andrade P., Carmen E. P&#233;rez C., and German J. Narvaez G. -- Diffusion / Theodoros Varzakas -- Absorption / Giovanni A. Escamilla Garc&#237;a and Eleazar M. Escamilla Silva -- Distillation for the production of fortification spirit / Malcolm S. Allen, Andrew C. Clark, Leigh M. Schmidtke, and Peter J. Torley -- Food products evaporation / Jorge F. V&#233;lez-Ruiz -- Food irradiation processing / Joong-Ho Kwon, Jae-Jun Ahn, and Hafiz Muhammad Shahbaz -- Food formulation / V. Giannou, Constantina Tzia, and Theodoros Varzakas -- Reaction kinetics / Petros S. Taoukis, Theofania N. Tsironi, and Maria C. Giannakourou.</subfield></datafield><datafield ind1=" " ind2=" " tag="506"><subfield code="a">Access restricted to authorized users and institutions.</subfield></datafield><datafield ind1=" " ind2=" " tag="520"><subfield code="a">"This book provides an up-to-date review of food processing and engineering phenomena. It addresses the basic principles of food engineering technologies used in food processing operations around the world, combining theory with a practical hands-on approach. The book explores the basic and applied aspects of food engineering from mass transfer and heat transfer to steam and boilers, heat exchangers, fluid flow, and novel food processes such as membrane technology. It describes the physico-chemical and microbiological methods for each preservation methodology and addresses interactions between different food constituents"--</subfield><subfield code="c">Provided by publisher.</subfield></datafield><datafield ind1=" " ind2=" " tag="520"><subfield code="a">"Preface It is an innovative piece of work coming in a two-volume set bringing together aspects of food engineering and food process engineering phenomena and operations. This handbook provides a stimulating and up-to-date review of fundamental food engineering phenomena. An in-depth coverage of the major technologies compared with the broader coverage of others will be the deciding factor for would-be purchasers or academics considering prescribing the book as a food engineering textbook. It addresses the basic principles of food engineering methods used in food processing operations around the world. While it covers the theory it combines this with a practical hands-on approach. The book is a comprehensive resource that explores the basic and applied aspects of food engineering from mass transfer and heat transfer to steam and boilers, heat exchangers, diffusion, absorption, evaporation, and novel food processes such as irradiation technology. In each chapter the addition of case studies and problem calculation is highlighted and this makes the key difference between other textbooks on food engineering. This volume, along with Food Process Engineering, comprises the two-volume set Food Engineering Handbook, and can be sold individually or together as a set. KEY FEATURES OF THIS BOOK The book provides an essential and complete reference on the modeling, quality and safety, and technologies associated with food engineering. It explains the interactions between different food constituents that might lead to changes in food properties"--</subfield><subfield code="c">Provided by publisher.</subfield></datafield><datafield ind1=" " ind2=" " tag="596"><subfield code="a">44</subfield></datafield><datafield ind1=" " ind2="0" tag="650"><subfield code="a">Food industry and trade.</subfield></datafield><datafield ind1=" " ind2="0" tag="650"><subfield code="a">Food</subfield><subfield code="x">Biotechnology.</subfield></datafield><datafield ind1="1" ind2=" " tag="700"><subfield code="a">Varzakas, Theodoros,</subfield><subfield code="e">editor.</subfield></datafield><datafield ind1="1" ind2=" " tag="700"><subfield code="a">Tzia, Constantina,</subfield><subfield code="e">editor.</subfield></datafield><datafield ind1=" " ind2="0" tag="830"><subfield code="a">Contemporary food engineering (Unnumbered)</subfield></datafield><datafield ind1="4" ind2="0" tag="856"><subfield code="3">University of Alberta Access</subfield><subfield code="u">http://marc.crcnetbase.com/isbn/9781482261707</subfield><subfield code="z">(Unlimited Concurrent Users)</subfield></datafield><datafield ind1=" " ind2=" " tag="949"><subfield code="h">UAIN</subfield><subfield code="z">CRC</subfield></datafield><datafield ind1=" " ind2=" " tag="926"><subfield code="a">Internet Access</subfield><subfield code="w">LC</subfield><subfield code="c">1</subfield><subfield code="i">6786277-1001</subfield><subfield code="l">INTERNET</subfield><subfield code="m">UAINTERNET</subfield><subfield code="r">Y</subfield><subfield code="s">Y</subfield><subfield code="t">E-RESOURCE</subfield><subfield code="u">1/20/2015</subfield><subfield code="x">E-BOOK</subfield><subfield code="z">CRC</subfield></datafield></record>